@string(AA    = {Astron. Astrophys.})
@string(AAMP  = {Adv. Atom. Mol. Phys.})
@string(AAS   = {Astron. Astrophys. Suppl.})
@string(ADNDT = {Atom. Data Nucl. Data Tables})
@string(APJ   = {ApJ.})
@string(APJS  = {ApJ. Suppl.})
@string(CPC   = {Comp. Phys. Comm.})
@string(JOSA  = {J. Opt. Soc. Ame.})
@string(JPB   = {J. Phys. B: At. Mol. Opt. Phys.})
@string(JPCRD = {J. Phys. Chem. Ref. Data})
@string(JQSRT = {J. Quant. Spect. Rad. Trans.})
@string(MNRAS = {Mon. Not. R. Astron. Soc.})
@string(PRA   = {Phys. Rev. A})
@string(PRE   = {Phys. Rev. E})
@string(PSCR  = {Phys. Scr.})
@string(SOLP  = {Sol. Phys.})


@article{barshalom:1988a,
    author  = {Bar-Shalom, A. and Klapisch, M. and Oreg, J.},
    title   = {Electron collision excitations in complex spectra of ionized
               heavy atoms},
    journal = PRA,
    volume  = {38},
    issue   = {4},
    pages   = {1773--1784},
    year    = {1988},
    month   = aug,
    doi     = {10.1103/PhysRevA.38.1773}
}

@article{barshalom:2001a,
    author  = "A. Bar-Shalom and M. Klapisch and J. Oreg",
    title   = {{HULLAC}, an integrated computer package for atomic processes in
               plasmas},
    year    = {2001},
    journal = JQSRT,
    volume  = {71},
    number  = {2},
    pages   = {169--188},
    doi     = {10.1016/S0022-4073(01)00066-8}
}


@article{golden:1977a,
    author  = {L. B. Golden and D. H. Sampson},
    title   = {Ionization of highly charged ions by electron impact},
    journal = JPB,
    volume  = {10},
    number  = {11},
    pages   = {2229--2237},
    year    = {1977},
    month   = aug,
    doi     = {10.1088/0022-3700/10/11/023}
}

@article{golden:1980a,
    author  = {L. B. Golden and D. H. Sampson},
    title   = {Ionisation from the 4s, 4p, 4d and 4f sublevels of highly charged
               ions},
    journal = JPB,
    volume  = {13},
    number  = {13},
    pages   = {2645--2652},
    year    = {1980},
    month   = jul,
    doi     = {10.1088/0022-3700/13/13/022}
}


@article{gu:2003a,
    author  = {M. F. Gu},
    title   = {Recombination {X}-ray line formation of iron {L}-shell ions in
               low-temperature plasmas},
    journal = APJ,
    volume  = {593},
    number  = {2},
    pages   = {1249},
    year    = {2003},
    month   = aug,
    doi     = {10.1086/376614}
}

@article{gu:2008a,
    author  = {M. F. Gu},
    title   = {The {F}lexible {A}tomic {C}ode},
    journal = {Can. J. Phys.},
    volume  = {86},
    number  = {5},
    pages   = {675--689},
    year    = {2008},
    month   = may,
    doi     = {10.1139/p07-197}
}


@article{kim:1994a,
    title   = {Binary-encounter-dipole model for electron-impact ionization},
    author  = {Kim, Y.-K. and Rudd, M. E.},
    journal = PRA,
    volume  = {50},
    issue   = {5},
    pages   = {3954--3967},
    year    = {1994},
    month   = nov,
    doi     = {10.1103/PhysRevA.50.3954}
}

@article{kim:1987a,
    author  = {Y. K. Kim and J. P. Desclaux},
    title   = {Relativistic effects in electron-atom collisions},
    year    = {1987},
    journal = PSCR,
    volume  = {36},
    number  = {5},
    pages   = {796--800},
    doi     = {10.1088/0031-8949/36/5/006}
}


@article{mitroy:1988a,
    author  = {Mitroy, J. and Norcross, D. W.},
    title   = {Electron-impact excitation of the resonance transition in
               {${\mathrm{Be}}^{+}$}},
    journal = PRA,
    volume  = {37},
    issue   = {10},
    pages   = {3755--3764},
    year    = {1988},
    month   = may,
    doi     = {10.1103/PhysRevA.37.3755}
}

@article{mitroy:1988b,
    author  = {Mitroy, J. and Griffin, D. C. and Norcross, D. W. and Pindzola,
               M. S.},
    title   = {Electron-impact excitation of the resonance transition in
               {${\mathrm{Ca}}^{+}$}},
    journal = PRA,
    volume  = {38},
    issue   = {7},
    pages   = {3339--3350},
    year    = {1988},
    month   = oct,
    doi     = {10.1103/PhysRevA.38.3339}
}


@article{saraph:1978a,
    author  = {H. E. Saraph},
    title   = {Fine structure cross sections from reactance matrices---a more
               versatile development of the program {JAJOM}},
    journal = CPC,
    volume  = {15},
    number  = {3--4},
    pages   = {247--258},
    year    = {1978},
    doi     = {10.1016/0010-4655(78)90095-4}
}


@misc{sqlite,
    title = {{SQLite}},
    url   = {http://www.sqlite.org}
}


@article{hibbert:1975a,
    author  = {A. Hibbert},
    title   = {{CIV3}---A general program to calculate configuration interaction
               wave functions and electric-dipole oscillator strengths},
    journal = CPC,
    volume  = {9},
    number  = {3},
    pages   = {141--172},
    year    = {1975},
    month   = mar,
    doi     = {10.1016/0010-4655(75)90103-4}
}


@article{eissner:1972a,
    author  = {W. B. Eissner and M. J. Seaton},
    title   = {Computer programs for the calculation of electron-atom collision
               cross sections. {I.} General formulation},
    year    = {1972},
    journal = JPB,
    volume  = {5},
    number  = {12},
    pages   = {2187--2198},
    doi     = {10.1088/0022-3700/5/12/013}
}

@article{eissner:1974a,
    author  = {W. Eissner and M. Jones and H. Nussbaumer},
    title   = {Techniques for the calculation of atomic structures and radiative
               data including relativistic corrections},
    journal = CPC,
    volume  = {8},
    number  = {4},
    pages   = {270--306},
    year    = {1974},
    month   = nov,
    doi     = {10.1016/0010-4655(74)90019-8}
}

@article{eissner:1998a,
    author  = {W. B. Eissner},
    title   = {The {UCL} distorted wave code},
    year    = {1998},
    journal = CPC,
    volume  = {114},
    number  = {1--3},
    pages   = {295--341},
    doi     = {10.1016/S0010-4655(98)00082-4}
}


@book{fischer:1997a,
    author    = {Froese Fischer, C.  and T. Brage and P. J\"onsson},
    title     = {Computational Atomic Physics: An {MCHF} Approach},
    publisher = {Institute of Physics Publishing, Bristol},
    year      = {1997}
}

@article{fischer:2000a,
    author  = {Froese Fischer, C.},
    title   = {The {MCHF} atomic-structure package},
    year    = {1997},
    journal = CPC,
    volume  = {128},
    number  = {3},
    pages   = {635-636},
    doi     = {10.1016/S0010-4655(00)00009-6}
}


@article{grant:1974a,
    author  = "I. P. Grant",
    title   = {Gauge invariance and relativistic radiative transitions},
    year    = {1974},
    journal = JPB,
    volume  = {7},
    number  = {12},
    pages   = {1458--1475},
    doi     = {10.1088/0022-3700/7/12/007}
}

@article{grant:1976a,
    author  = {I. P. Grant},
    title   = {A program to calculate angular momentum coefficients in
               relativistic atomic structure---revised version},
    year    = {1976},
    journal = CPC,
    volume  = {11},
    number  = {3},
    pages   = {397--405},
    doi     = {10.1016/0010-4655(76)90026-6}
}

@article{grant:1980a,
    author  = "I. P. Grant and B. J. Mckenzie and P. H. Norrington and D. F.
               Mayers and N. C. Pyper",
    title   = {An atomic multiconfigurational {Dirac}-{Fock} package},
    year    = {1980},
    journal = CPC,
    volume  = {21},
    number  = {2},
    pages   = {207--231},
    doi     = {10.1016/0010-4655(80)90041-7}
}


@book{cowan:1981a,
    author    = {R. D. Cowan},
    title     = {The Theory of Atomic Structure and Spectra},
    year      = {1981},
    publisher = {University of California Press},
    address   = {Berkeley -- Los Angeles -- London},
    isbn      = {978-0520038219}
}


@book{amusia:1997a,
    author    = {M. Y. Amusia and L. V. Chernysheva},
    title     = {Computation of Atomic Processes: A Handbook For {ATOM}
                 Programs},
    publisher = {Institute of Physics Publishing, Bristol},
    year      = {1997},
    isbn      = {0-7503-0229-1}
}


@article{klapisch:1977a,
    author  = {M. Klapisch and J. L. Schwob and B. S. Fraenkel and J. Oreg},
    title   = {The 1s--3p {K$\beta$}-like x-ray spectrum of highly ionized
               iron},
    journal = JOSA,
    number  = {2},
    pages   = {148--155},
    volume  = {67},
    month   = feb,
    year    = {1977},
    doi     = {10.1364/JOSA.67.000148}
}


@article{sampson:1989a,
    author  = {D. H. Sampson and H. L. Zhang and A. K. Mohanty and R. E. H.
               Clark},
    title   = {A {Dirac}-{Fock}-{Slater} approach to atomic structure for highly
               charged ions},
    year    = {1989},
    month   = jul,
    journal = PRA,
    volume  = {40},
    number  = {2},
    pages   = {604--615},
    doi     = {10.1103/PhysRevA.40.604}
}

@article{sampson:1992a,
    author  = {D. H. Sampson and H. L. Zhang},
    title   = {Rapid-ionization approach based on the factorization method},
    year    = {1992},
    month   = feb,
    journal = PRA,
    volume  = {45},
    number  = {3},
    pages   = {1657--1669},
    doi     = {10.1103/PhysRevA.45.1657}
}


@article{zhang:1989a,
    author  = {H. L. Zhang and D. H. Sampson and A. K. Mohanty},
    title   = {Fully relativistic and quasirelativistic distorted-wave methods
               for calculating collision strengths for highly charged ions},
    year    = {1989},
    month   = jul,
    journal = PRA,
    volume  = {40},
    number  = {2},
    pages   = {616--632},
    doi     = {10.1103/PhysRevA.40.616}
}

@article{zhang:1990a,
    author  = {H. L. Zhang and D. H. Sampson and R. E. H. Clark},
    title   = {Relativistic cross sections for excitation of highly charged ions
               to specific magnetic sublevels by an electron beam},
    journal = PRA,
    volume  = {41},
    issue   = {1},
    pages   = {198--206},
    year    = {1990},
    month   = jan,
    doi     = {10.1103/PhysRevA.41.198}
}

@article{zhang:1990b,
    author  = {H. L. Zhang and D. H. Sampson},
    title   = {Rapid relativistic distorted-wave approach for calculating cross
               sections for ionization of highly charged ions},
    year    = {1990},
    month   = nov,
    journal = PRA,
    volume  = {42},
    number  = {9},
    pages   = {5378--5383},
    doi     = {10.1103/PhysRevA.42.5378}
}

@article{zhang:1998a,
    author  = {H. L. Zhang},
    title   = {Relativistic calculations of photoionization cross sections},
    year    = {1998},
    month   = apr,
    journal = PRA,
    volume  = {57},
    number  = {4},
    pages   = {2640--2650},
    doi     = {10.1103/PhysRevA.57.2640}
}


@article{chernysheva:1999a,
    author  = {L. V. Chernysheva and V. L. Yakhontov},
    title   = {Two-program package to calculate the ground and excited state
               wave functions in the {Hartree}-{Fock}-{Dirac} approximation},
    year    = {1999},
    journal = CPC,
    volume  = {119},
    number  = {2},
    pages   = {232--255},
    doi     = {10.1016/S0010-4655(98)00197-0}
}

@article{gaigalas:1997a,
    author  = {G. Gaigalas and Z. Rudzikas and C. Froese Fischer},
    title   = {An efficient approach for spin--angular integrations in atomic
               structure calculations},
    year    = {1997},
    journal = JPB,
    volume  = {30},
    number  = {17},
    pages   = {3747--3771},
    doi     = {10.1088/0953-4075/30/17/006}
}

@article{gaigalas:2001a,
    author  = {G. Gaigalas and S. Fritzsche and I. P. Grant},
    title   = {Program to calculate pure angular momentum coefficients in
               jj-coupling},
    year    = {2001},
    journal = CPC,
    volume  = {139},
    pages   = {263--278},
    doi     = {10.1016/S0010-4655(01)00213-2}
}

@book{judd:1967a,
    author = {B. R. Judd},
    title  = {Second Quantization in Atomic Spectroscopy},
    publisher = {Johns Hopkins Press, Baltimore},
    year = {1967}
}


@article{seaton:1958a,
    author  = {M. J. Seaton},
    title   = {The quantum defect method},
    year    = {1958},
    journal = MNRAS,
    volume  = {118},
    number  = {5},
    pages   = {504},
    doi     = {10.1093/mnras/118.5.504}
}

@incollection{seaton:1976a,
    author    = {M. J. Seaton},
    title     = {Electron impact excitation of positive ions},
    year      = {1976},
    editor    = {D. R. Bates and B. Bederson},
    booktitle = AAMP,
    publisher = {Academic Press},
    volume    = {11},
    pages     = {83--142},
    doi       = {10.1016/S0065-2199(08)60029-9}
}

@article{seaton:1987a,
    author  = {M. J. Seaton},
    title   = {Atomic data for opacity calculations. {I.} General description},
    year    = {1987},
    journal = JPB,
    volume  = {20},
    number  = {23},
    pages   = {6363--6378},
    doi     = {10.1088/0022-3700/20/23/026}
}


@article{thompson:1985a,
    author  = {I. J. Thompson and A. R. Barnett},
    title   = {{COULCC}: A continued-fraction algorithm for {Coulomb} functions
               of complex order with complex arguments},
    year    = {1985},
    journal = CPC,
    volume  = {36},
    number  = {4},
    pages   = {363--372},
    doi     = {10.1016/0010-4655(85)90025-6}
} 

@article{thompson:2004a,
    author  = {I. J. Thompson},
    title   = {Erratum to ``{COULCC}: A continued-fraction algorithm for
               {Coulomb} functions of complex order with complex arguments'':
               [{Comput. Phys. Commun.} 36 (1985) 363--372]},
    year    = {2004},
    journal = CPC,
    volume  = {159},
    number  = {1},
    pages   = {241--242},
    doi     = {10.1016/j.cpc.2004.02.008}
} 


@article{berrington:1995a,
    author  = {K. A. Berrington and W. B. Eissner and P. H. Norrington},
    title   = {{RMATRX1}: {Belfast} atomic {R}-matrix codes},
    year    = {1995},
    journal = CPC,
    volume  = {92},
    number  = {2--3},
    pages   = {290--420},
    doi     = {10.1016/0010-4655(95)00123-8}
}


@article{hagelstein:1987a,
    author  = {P. L. Hagelstein and R. K. Jung},
    title   = {Relativistic distorted-wave calculations of electron collision
               cross sections and rate coefficients for {Ne}-like ions},
    year    = {1987},
    journal = ADNDT,
    volume  = {37},
    number  = {1},
    pages   = {121--188},
    doi     = {10.1016/0092-640X(87)90007-6}
}


@article{burgess:1974a,
    author  = {A. Burgess and V. B. Sheorey},
    title   = {Electron impact excitation of the resonance lines of alkali-like
               positive ions},
    year    = {1974},
    journal = JPB,
    volume  = {7},
    number  = {},
    pages   = {2403--2416},
    doi     = {10.1088/0022-3700/7/17/026}
}


@article{chen:1996a,
    author  = {G. Chen},
    title   = {Fully relativistic distorted-wave {Born} procedure for
               electron-impact excitation},
    year    = {1996},
    month   = may,
    journal = PRA,
    volume  = {53},
    number  = {5},
    pages   = {3227--3236},
    doi     = {10.1103/PhysRevA.53.3227}
}


@article{haug:1972a,
    author  = {Haug, E.},
    title   = {Polarization of hard X-rays from solar flares},
    year    = {1972},
    month   = aug,
    journal = SOLP,
    volume  = {25},
    number  = {2},
    pages   = {425--434},
    doi     = {10.1007/BF00192340}
}

@article{haug:1981a,
    author  = {Haug, E.},
    title   = {Electron impact polarization of X-ray lines from hydrogen-like
               ions during solar flares},
    year    = {1981},
    month   = may,
    journal = SOLP,
    volume  = {71},
    number  = {1},
    pages   = {77--89},
    doi     = {10.1007/BF00153608}
}


@article{fujimoto:1996a,
    author  = {Fujimoto, T. and Sahara, H. and Kawachi, T. and Kallstenius, T.
               and Goto, M. and Kawase, H. and Furukubo, T. and Maekawa, T. and 
               Yerumichi, Y.},
    title   = {Polarization of impurity emission lines from a tokamak plasma},
    year    = {1996},
    month   = sep,
    journal = PRE,
    volume  = {54},
    number  = {3},
    pages   = {R2240--R2243},
    doi     = {10.1103/PhysRevE.54.R2240}
}


@article{beiersdorfer:1996a,
    author  = {Beiersdorfer, P. and Vogel, D. A. and Reed, K. J. and Decaux, V.
               and Scofield, J. H. and Widmann, K. and H\"olzer, G. and
               F\"orster, E. and Wehrhan, O. and Savin, D. W. and Schweikhard,
               L.},
    title   = {Measurement and interpretation of the polarization of the x-ray
               line emission of heliumlike {Fe XXV} excited by an electron
               beam},
    year    = {1996},
    month   = jun,
    journal = PRA,
    volume  = {53},
    number  = {6},
    pages   = {3974--3981},
    doi     = {10.1103/PhysRevA.53.3974}
}


@article{takacs:1996a,
    author  = {Tak\'acs, E. and Meyer, E. S. and Gillaspy, J. D. and Roberts,
               J. R. and Chander, C. T. and Hudson, L. T. and Deslattes, R. D.
               and Brown, C. M. and Laming, J. M. and Dubau, J. and Inal, M.
               K.},
    title   = {Polarization measurements on a magnetic quadrupole line in
               {Ne}-like barium},
    year    = {1996},
    month   = aug,
    journal = PRA,
    volume  = {54},
    number  = {2},
    pages   = {1342--1350},
    doi     = {10.1103/PhysRevA.54.1342}
}


@article{inal:1987a,
    author  = {Inal, M. K. and Dubau, J.},
    title   = {Theory of excitation of {He}-like and {Li}-like atomic sublevels
               by directive electrons: application to X-ray line polarisation},
    year    = {1987},
    journal = JPB,
    volume  = {20},
    number  = {16},
    pages   = {4221--4239},
    doi     = {10.1088/0022-3700/20/16/028}
}


@article{hummer:1993a,
    author  = {D. G. Hummer and K. A. Berrington and W. B. Eissner and A. K.
               Pradhan and H. E. Saraph and J. A. Tully},
    title   = {Atomic data from the {IRON} Project. 1: Goals and methods},
    year    = {1993},
    journal = AA,
    volume  = {279},
    number  = {1},
    pages   = {298--309},
    url     = {http://adsabs.harvard.edu/abs/1993A%26A...279..298H}
}

@article{fontes:1993a,
    author  = {C. Fontes and D. H. Sampson and H. L. Zhang},
    title   = {},
    year    = {1993},
    month   = sep,
    journal = PRA,
    volume  = {48},
    number  = {3},
    pages   = {1975--1982},
    doi     = {10.1103/PhysRevA.48.1975}
}

@article{pindzola:1980a,
    author  = {M. S. Pindzola and S. L. Carter},
    title   = {Electron-impact excitation of {Fe XXV} and {Kr XXXV} in the
               relativistic distorted-wave approximation},
    year    = {1980},
    month   = sep,
    journal = PRA,
    volume  = {22},
    number  = {3},
    pages   = {898--902},
    doi     = {10.1103/PhysRevA.22.898}
}

@article{pindzola:1988a,
    author  = {M. S. Pindzola and M. J. Buie},
    title   = {Fully relativistic electron-impact ionization of atomic ions},
    year    = {1988},
    month   = may,
    journal = PRA,
    volume  = {37},
    number  = {9},
    pages   = {3232},
    doi     = {10.1103/PhysRevA.37.3232}
}


@article{reilman:1979a,
    author  = {R. F. Reilman and S. T. Manson},
    title   = {Photoabsorption cross sections for positive atomic ions with {Z}
               equal to or less than 30},
    year    = {1979},
    month   = aug,
    journal = APJS,
    volume  = {40},
    pages   = {815--880},
    doi     = {10.1086/190605}
}


@article{clark:1986a,
    author  = {R. E. H. Clark and R. D. Cowan and F. W. Borrowicz},
    title   = {Isoelectronic sequence fits to configuration-averaged
               photoionization cross sections and ionization energies},
    year    = {1986},
    journal = ADNDT,
    volume  = {34},
    number  = {3},
    pages   = {415--422},
    doi     = {10.1016/0092-640X(86)90012-4}
}


@article{verner:1993a,
    author  = {D. A. Verner and D. G. Yakovlev and I. M. Band and M. B.
               Trzhaskovskaya},
    title   = {Subshell Photoionization Cross Sections and Ionization Energies
               of Atoms and Ions from {He} to {Zn}},
    year    = {1993},
    journal = ADNDT,
    volume  = {55},
    number  = {2},
    pages   = {233--280},
    doi     = {10.1006/adnd.1993.1022}
}


@article{savin:1999a,
    author  = {D. W. Savin and S. M. Kahn and J. Linkemann and A. A. Saghiri and
               M. Schmitt and M. Grieser and R. Repnow and D. Schwalm and A.
               Wolf and T. Bartsch and C. Brandau and A. Hoffknecht and A.
               M{\"u}ller and S. Schippers and M. H. Chen and N. R. Badnell},
    title   = {Dielectronic Recombination in Photoionized Gas. {II.} Laboratory
               Measurements for {Fe XVIII} and {Fe XIX}},
    year    = {1999},
    journal = APJS,
    volume  = {123},
    number  = {2},
    pages   = {687--702},
    doi     = {10.1086/313247}
}


@article{oreg:1991a,
    author  = {J. Oreg and W. H. Goldstein and M. Klapisch and A. Bar-Shalom},
    title   = {Autoionization and radiationless electron capture in complex
               spectra},
    year    = {1991},
    month   = aug,
    journal = PRA,
    volume  = {44},
    number  = {3},
    pages   = {1750--1758},
    doi     = {10.1103/PhysRevA.44.1750}
}


@article{behar:1995a,
    author  = {E. Behar and P. Mandelbaum and J. L. Schwob and A. Bar-Shalom and
               J. Oreg and W. H. Goldstein},
    title   = {Dielectronic recombination of {Ni}-like ions through the
               $3d^94ln^\prime l^\prime$ ($n^\prime=4,5$) {Cu}-like
               configurations},
    year    = {1995},
    month   = nov,
    journal = PRA,
    volume  = {52},
    number  = {5},
    pages   = {3770--3779},
    doi     = {10.1103/PhysRevA.52.3770}
}

@article{behar:1996a,
    author  = {E. Behar and P. Mandelbaum and J. L. Schwob and A. Bar-Shalom and
               J. Oreg and W. H. Goldstein},
    title   = {Dielectronic recombination rate coefficients for highly ionized
               {Ni}-like atoms},
    year    = {1996},
    month   = oct,
    journal = PRA,
    volume  = {54},
    number  = {4},
    pages   = {3070--3077},
    doi     = {10.1103/PhysRevA.54.3070}
}


@article{younger:1980a,
    author  = {S. M. Younger},
    title   = {Electron-impact ionization cross sections for highly ionized
               hydrogen- and lithium-like atoms},
    year    = {1980},
    month   = jul,
    journal = PRA,
    volume  = {22},
    number  = {1},
    pages   = {111--117},
    doi     = {10.1103/PhysRevA.22.111}
}
